<record><leader>00000cas a22000007a 4500</leader><controlfield tag="001">49665177</controlfield><controlfield tag="008">020425d198319uuvauuu ne      0    0eng d</controlfield><datafield ind1=" " ind2=" " tag="010"><subfield code="a">sn2002061924</subfield></datafield><datafield ind1=" " ind2=" " tag="040"><subfield code="a">NVK</subfield><subfield code="b">eng</subfield><subfield code="c">NVK</subfield><subfield code="d">OCLCF</subfield><subfield code="d">OCLCO</subfield></datafield><datafield ind1="1" ind2=" " tag="029"><subfield code="a">AU@</subfield><subfield code="b">000023525751</subfield></datafield><datafield ind1=" " ind2=" " tag="042"><subfield code="a">msc</subfield></datafield><datafield ind1=" " ind2=" " tag="043"><subfield code="a">n-us-va</subfield></datafield><datafield ind1="0" ind2=" " tag="130"><subfield code="a">Student's voice (Blacksburg, Va.)</subfield></datafield><datafield ind1="0" ind2="4" tag="245"><subfield code="a">The Student's voice.</subfield></datafield><datafield ind1=" " ind2=" " tag="260"><subfield code="a">Blacksburg, Va. :</subfield><subfield code="b">Virginia Polytechnic Institute &amp; State University,</subfield><subfield code="c">1983-</subfield></datafield><datafield ind1=" " ind2=" " tag="300"><subfield code="a">v.</subfield></datafield><datafield ind1="0" ind2=" " tag="362"><subfield code="a">Vol. 1, no. 1 (Apr. 13, 1983)-</subfield></datafield><datafield ind1=" " ind2=" " tag="500"><subfield code="a">"The newspaper of Virginia Tech student organizations."</subfield></datafield><datafield ind1="2" ind2="0" tag="610"><subfield code="a">Virginia Polytechnic Institute and State University</subfield><subfield code="v">Newspapers.</subfield></datafield><datafield ind1="2" ind2="0" tag="610"><subfield code="a">Virginia Polytechnic Institute</subfield><subfield code="v">Newspapers.</subfield></datafield><datafield ind1=" " ind2="7" tag="655"><subfield code="a">Newspapers.</subfield><subfield code="2">fast</subfield><subfield code="0">(OCoLC)fst01423814</subfield></datafield><datafield ind1="2" ind2="7" tag="610"><subfield code="a">Virginia Polytechnic Institute.</subfield><subfield code="2">fast</subfield><subfield code="0">(OCoLC)fst00549618</subfield></datafield><datafield ind1="2" ind2="7" tag="610"><subfield code="a">Virginia Polytechnic Institute and State University.</subfield><subfield code="2">fast</subfield><subfield code="0">(OCoLC)fst00549617</subfield></datafield><datafield ind1="2" ind2=" " tag="710"><subfield code="a">Virginia Polytechnic Institute.</subfield></datafield><datafield ind1="2" ind2=" " tag="710"><subfield code="a">Virginia Polytechnic Institute and State University.</subfield></datafield><datafield ind1=" " ind2=" " tag="752"><subfield code="a">United States</subfield><subfield code="b">Virginia</subfield><subfield code="c">Montgomery</subfield><subfield code="d">Blacksburg.</subfield></datafield></record>